
@article{steele_james_ceramic_2010,
	title = {Ceramic diversity, random copying, and tests for selectivity in ceramic production},
	volume = {30},
	language = {english},
	journal = {Journal of Archaeological Science},
	author = {{Steele, James} and {Glatz, Claudia} and {Kandler, Anne}},
	year = {2010},
	pages = {1--11},
	file = {ceramicdiversity.pdf:/home/mcoto/.zotero/zotero/esedysa1.default/zotero/storage/XTX5C9NI/ceramicdiversity.pdf:application/pdf}
}

@article{eerkens_jelmer_cultural_2007,
	title = {Cultural {Transmission} {Theory} and the {Archaeological} {Record}: {Providing} {Context} to {Understand} {Variation} and {Temporal} {Changes} in {Material} {Culture}.},
	volume = {15},
	journal = {Journal of Archaeological Research},
	author = {{Eerkens, Jelmer} and {Lipo, Carl P.}},
	year = {2007},
	pages = {239--274},
	file = {Eerkens_and_Lipo_2007-libre.pdf:/home/mcoto/.zotero/zotero/esedysa1.default/zotero/storage/MJIUFJVC/Eerkens_and_Lipo_2007-libre.pdf:application/pdf}
}

@article{bentley_random_2004,
	title = {Random drift and culture change},
	volume = {271},
	url = {http://rspb.royalsocietypublishing.org/content/271/1547/1443.short},
	number = {1547},
	urldate = {2014-09-15},
	journal = {Proceedings of the Royal Society of London. Series B: Biological Sciences},
	author = {Bentley, R. Alexander and Hahn, Matthew W. and Shennan, Stephen J.},
	year = {2004},
	pages = {1443--1450},
	file = {Bentley et al. - 2004 - Random drift and culture change.pdf:/home/mcoto/.zotero/zotero/esedysa1.default/zotero/storage/I7AIJB3B/Bentley et al. - 2004 - Random drift and culture change.pdf:application/pdf}
}

@article{roux_standardization_2015,
	title = {Standardization of ceramic assemblages: {Transmission} mechanisms and diffusion of morpho-functional traits across social boundaries},
	volume = {40},
	journal = {Journal of Anthropological Archaeology},
	author = {Roux, Valentine},
	year = {2015},
	pages = {1--9},
	file = {Roux-StandardisationDiffusion JAA2015(1).pdf:/home/mcoto/.zotero/zotero/esedysa1.default/zotero/storage/VZZWETZW/Roux-StandardisationDiffusion JAA2015(1).pdf:application/pdf}
}

@article{schillinger_copying_2016,
	title = {Copying error, evolution, and phylogenetic signal in artifactual traditions: {An} experimental approach using “model artifacts”},
	volume = {70},
	journal = {Journal of Archaeological Science},
	author = {Schillinger, Kerstin and Mesoudi, Alex and Lycett, Stephen J},
	year = {2016},
	pages = {23--34},
	file = {Schillinger_etal_JAS_2016.pdf:/home/mcoto/.zotero/zotero/esedysa1.default/zotero/storage/F69XQ9RD/Schillinger_etal_JAS_2016.pdf:application/pdf}
}

@article{schillinger_differences_2016,
	title = {Differences in {Manufacturing} {Traditions} and {Assemblage}-{Level} {Patterns}: the {Origins} of {Cultural} {Differences} in {Archaeological} {Data}},
	journal = {Journal of Archaeological Method and Theory},
	author = {Schillinger, Kerstin and Mesoudi, Alex and Lycett, Stephen J},
	year = {2016},
	pages = {1--19},
	file = {schillinger2016.pdf:/home/mcoto/.zotero/zotero/esedysa1.default/zotero/storage/7BMISMBZ/schillinger2016.pdf:application/pdf}
}

@article{mesoudi_cultural_2015,
	title = {Cultural {Evolution}: {A} {Review} of {Theory}, {Findings} and {Controversies}},
	issn = {0071-3260, 1934-2845},
	shorttitle = {Cultural {Evolution}},
	url = {http://link.springer.com/10.1007/s11692-015-9320-0},
	doi = {10.1007/s11692-015-9320-0},
	language = {en},
	urldate = {2015-05-06},
	journal = {Evolutionary Biology},
	author = {Mesoudi, Alex},
	month = apr,
	year = {2015},
	file = {Mesoudi_EvolBiol_2015.pdf:/home/mcoto/.zotero/zotero/esedysa1.default/zotero/storage/EE88HUK3/Mesoudi_EvolBiol_2015.pdf:application/pdf}
}

@article{lycett_cultural_2015,
	title = {Cultural evolutionary approaches to artifact variation over time and space: {Basis}, progress, and prospects},
	volume = {0},
	issn = {03054403},
	shorttitle = {Cultural evolutionary approaches to artifact variation over time and space},
	url = {http://linkinghub.elsevier.com/retrieve/pii/S0305440315000072},
	doi = {10.1016/j.jas.2015.01.004},
	language = {en},
	urldate = {2015-01-25},
	journal = {Journal of Archaeological Science},
	author = {Lycett, Stephen J.},
	month = jan,
	year = {2015},
	pages = {--},
	file = {Lycett - 2015 - Cultural evolutionary approaches to artifact varia.pdf:/home/mcoto/.zotero/zotero/esedysa1.default/zotero/storage/A2TSCEAN/Lycett - 2015 - Cultural evolutionary approaches to artifact varia.pdf:application/pdf}
}

@article{de_voogt_cultural_2013,
	title = {Cultural transmission in the ancient {Near} {East}: twenty squares and fifty-eight holes},
	volume = {40},
	number = {4},
	journal = {Journal of Archaeological Science},
	author = {de Voogt, Alex and Dunn-Vaturi, Anne-Elizabeth and Eerkens, Jelmer W},
	year = {2013},
	pages = {1715--1730},
	file = {de Voogt 2013 - JAS - Final Print Version.pdf:/home/mcoto/.zotero/zotero/esedysa1.default/zotero/storage/V6TN74S5/de Voogt 2013 - JAS - Final Print Version.pdf:application/pdf}
}

@article{neiman_stylistic_1995,
	title = {Stylistic variation in evolutionary perspective: inferences from decorative diversity and interassemblage distance in {Illinois} {Woodland} ceramic assemblages},
	journal = {American Antiquity},
	author = {Neiman, Fraser D},
	year = {1995},
	pages = {7--36},
	file = {10.2307@282074(1).pdf:/home/mcoto/.zotero/zotero/esedysa1.default/zotero/storage/4BCGA5ZW/10.2307@282074(1).pdf:application/pdf}
}

@incollection{obrien_variation_1990,
	edition = {Archaeological Method and Theory},
	title = {Variation, selection and the archaeological record},
	volume = {2},
	booktitle = {Archaeological {Method} and {Theory}},
	publisher = {University of Arizonna Press},
	author = {O'Brien, Michael and Holland, Thomas D.},
	year = {1990},
	pages = {31--79},
	file = {O'Brien and Holland - Variation, selection and the archaeological record.pdf:/home/mcoto/.zotero/zotero/esedysa1.default/zotero/storage/WKNN6CJZ/O'Brien and Holland - Variation, selection and the archaeological record.pdf:application/pdf}
}

@article{hart_effects_2012,
	title = {The effects of geographical distances on pottery assemblage similarities: a case study from {Northern} {Iroquoia}},
	volume = {39},
	number = {1},
	journal = {Journal of Archaeological Science},
	author = {Hart, John P},
	year = {2012},
	pages = {128--134},
	file = {hart2012.pdf:/home/mcoto/.zotero/zotero/esedysa1.default/zotero/storage/BMKPV9QN/hart2012.pdf:application/pdf}
}

@article{van_strien_isolation-by-distance_2015,
	title = {Isolation-by-distance in landscapes: considerations for landscape genetics},
	volume = {114},
	number = {1},
	journal = {Heredity},
	author = {van Strien, Maarten J and Holderegger, Rolf and Van Heck, Hein J},
	year = {2015},
	pages = {27--37},
	file = {strien2014.pdf:/home/mcoto/.zotero/zotero/esedysa1.default/zotero/storage/S3ZSFPHS/strien2014.pdf:application/pdf}
}

@article{bjorklund_effect_2010,
	title = {The effect of local population dynamics on patterns of isolation by distance},
	volume = {5},
	number = {3},
	journal = {Ecological Informatics},
	author = {Björklund, Mats and Bergek, Sara and Ranta, Esa and Kaitala, Veijo},
	year = {2010},
	pages = {167--172},
	file = {iso.pdf:/home/mcoto/.zotero/zotero/esedysa1.default/zotero/storage/FWXTAKNN/iso.pdf:application/pdf}
}

@article{shennan_isolation-by-distance_2015,
	title = {Isolation-by-distance, homophily, and “core” vs.“package” cultural evolution models in {Neolithic} {Europe}},
	volume = {36},
	number = {2},
	journal = {Evolution and Human Behavior},
	author = {Shennan, Stephen J and Crema, Enrico R and Kerig, Tim},
	year = {2015},
	pages = {103--109},
	file = {coreandpackage.pdf:/home/mcoto/.zotero/zotero/esedysa1.default/zotero/storage/DC4P59FZ/coreandpackage.pdf:application/pdf}
}

@article{henrich_evolution_2003,
	title = {The evolution of cultural evolution},
	volume = {12},
	issn = {10601538},
	url = {http://doi.wiley.com/10.1002/evan.10110},
	doi = {10.1002/evan.10110},
	language = {en},
	number = {3},
	urldate = {2014-09-15},
	journal = {Evolutionary Anthropology: Issues, News, and Reviews},
	author = {Henrich, Joseph and McElreath, Richard},
	month = may,
	year = {2003},
	pages = {123--135},
	file = {Henrich and McElreath - 2003 - The evolution of cultural evolution.pdf:/home/mcoto/.zotero/zotero/esedysa1.default/zotero/storage/C37G542T/Henrich and McElreath - 2003 - The evolution of cultural evolution.pdf:application/pdf}
}

@incollection{lipo_carl_p._neutrality_????,
	title = {Neutrality, "{Style}", and {Drift}: {Building} {Methods} for {Studying} {Cultural} {Transmission} in the {Archaeological} {Record}},
	booktitle = {Style and {Function}: conceptual issues in evolutionary archaeology},
	author = {{Lipo, Carl P.} and {Madsen, Mark}},
	file = {LipoAndMadsen-2001-NeutralityStyle.pdf:/home/mcoto/.zotero/zotero/esedysa1.default/zotero/storage/MFEEW3XJ/LipoAndMadsen-2001-NeutralityStyle.pdf:application/pdf}
}

@article{eerkens_cultural_2008,
	title = {Cultural transmission and the analysis of stylistic and functional variation},
	journal = {Transmission and Archaeology: Issues and Case-Studies},
	author = {Eerkens, Jelmer W and Bettinger, Robert L},
	year = {2008},
	pages = {21--38},
	file = {CT2008.pdf:/home/mcoto/.zotero/zotero/esedysa1.default/zotero/storage/HMTM528K/CT2008.pdf:application/pdf}
}

@article{bettinger_evolutionary_1997,
	title = {Evolutionary implications of metrical variation in {Great} {Basin} projectile points},
	volume = {7},
	number = {1},
	journal = {Archeological Papers of the American Anthropological Association},
	author = {Bettinger, Robert L and Eerkens, Jeltner},
	year = {1997},
	pages = {177--191},
	file = {bettinger2008.pdf:/home/mcoto/.zotero/zotero/esedysa1.default/zotero/storage/N4B2NKQ3/bettinger2008.pdf:application/pdf}
}

@article{eerkens_jelmer_cultural_2005,
	title = {Cultural transmission, copying errors, and the generation of variation in material culture and the archaeological record},
	volume = {24},
	journal = {Journal of Anthropological Archaeology},
	author = {{Eerkens, Jelmer} and {Lipo, Carl P.}},
	year = {2005},
	pages = {316--334},
	file = {EerkensAndLipo-2005-CulturalTransmission.pdf:/home/mcoto/.zotero/zotero/esedysa1.default/zotero/storage/KNZ33VSE/EerkensAndLipo-2005-CulturalTransmission.pdf:application/pdf}
}

@article{henrich_cultural_2001,
	title = {Cultural transmission and the diffusion of innovations: {Adoption} dynamics indicate that biased cultural transmission is the predominate force in behavioral change},
	volume = {103},
	number = {4},
	journal = {American Anthropologist},
	author = {Henrich, Joseph},
	year = {2001},
	pages = {992--1013},
	file = {10.2307@684125.pdf:/home/mcoto/.zotero/zotero/esedysa1.default/zotero/storage/AV84BZDJ/10.2307@684125.pdf:application/pdf}
}

@article{boyd_cultural_2011,
	title = {The cultural niche: {Why} social learning is essential for human adaptation},
	volume = {108},
	number = {Supplement 2},
	journal = {Proceedings of the National Academy of Sciences},
	author = {Boyd, Robert and Richerson, Peter J and Henrich, Joseph},
	year = {2011},
	pages = {10918--10925},
	file = {boyd2011.pdf:/home/mcoto/.zotero/zotero/esedysa1.default/zotero/storage/3HDRBMJF/boyd2011.pdf:application/pdf}
}

@article{lyman_measuring_2000,
	title = {Measuring and explaining change in artifact variation with clade-diversity diagrams},
	volume = {19},
	number = {1},
	journal = {Journal of Anthropological Archaeology},
	author = {Lyman, R Lee and O'Brien, Michael J},
	year = {2000},
	pages = {39--74},
	file = {Measuring.pdf:/home/mcoto/.zotero/zotero/esedysa1.default/zotero/storage/M2WEATE3/Measuring.pdf:application/pdf}
}

@article{_now_2015,
	title = {Now and then},
	issn = {0013-0613},
	url = {http://www.economist.com/news/science-and-technology/21649448-patent-records-reveal-way-inventions-are-made-has-changed-over?fsrc=scn/tw/te/pe/ed/nowandthen},
	abstract = {Patent records reveal that the way inventions are made has changed over the years},
	urldate = {2016-08-29},
	journal = {The Economist},
	month = apr,
	year = {2015},
	file = {The Economist Snapshot:/home/mcoto/.zotero/zotero/esedysa1.default/zotero/storage/WB5BJEP6/21649448-patent-records-reveal-way-inventions-are-made-has-changed-over.html:text/html}
}

@article{eerkens_techniques_2001,
	title = {Techniques for assessing standardization in artifact assemblages: {Can} we scale material variability?},
	journal = {American Antiquity},
	author = {Eerkens, Jelmer W and Bettinger, Robert L},
	year = {2001},
	pages = {493--504},
	file = {AA2001.pdf:/home/mcoto/.zotero/zotero/esedysa1.default/zotero/storage/85ZDMCAQ/AA2001.pdf:application/pdf}
}

@article{li_crossbows_2014,
	title = {Crossbows and imperial craft organisation: the bronze triggers of {China}'s {Terracotta} {Army}},
	volume = {88},
	number = {339},
	journal = {Antiquity},
	author = {Li, Xiuzhen Janice and Bevan, Andrew and Martinón-Torres, Marcos and Rehren, Thilo and Cao, Wei and Xia, Yin and Zhao, Kun},
	year = {2014},
	pages = {12},
	file = {XL Crossbow and imperial craft organisation.pdf:/home/mcoto/.zotero/zotero/esedysa1.default/zotero/storage/VSF4W885/XL Crossbow and imperial craft organisation.pdf:application/pdf}
}

@article{rodriguez_economioleicola_1977,
	title = {La economía oleícola bética: nuevas formas de análisis},
	volume = {50},
	number = {135},
	journal = {Archivo Español de Arqueología},
	author = {Rodríguez, José Remesal},
	year = {1977},
	pages = {87},
	file = {0599(1).pdf:/home/mcoto/.zotero/zotero/esedysa1.default/zotero/storage/FRXTGR44/0599(1).pdf:application/pdf}
}

@article{rodriguez_baetican_1998,
	title = {Baetican olive oil and the {Roman} economy},
	volume = {29},
	journal = {Journal of Roman Archaeology - Suppl. series},
	author = {Rodríguez, J Remesal},
	year = {1998},
	pages = {183--200}
}

@article{i_martin_alisis_1998,
	title = {Análisis multivariable: una nueva vía para la caracterización cerámica},
	number = {29},
	journal = {Pyrenae},
	author = {i Martín, Antoni Aguilera},
	year = {1998},
	pages = {117--134},
	file = {0187.pdf:/home/mcoto/.zotero/zotero/esedysa1.default/zotero/storage/9XJWZQJ9/0187.pdf:application/pdf}
}

@article{temin_market_2001,
	title = {A market economy in the early {Roman} {Empire}},
	volume = {91},
	url = {http://journals.cambridge.org/abstract_S0075435800015902},
	urldate = {2015-03-25},
	journal = {Journal of Roman studies},
	author = {Temin, Peter},
	year = {2001},
	pages = {169--181},
	file = {Temin - 2001 - A market economy in the early Roman Empire.pdf:/home/mcoto/.zotero/zotero/esedysa1.default/zotero/storage/FG2DJAUB/Temin - 2001 - A market economy in the early Roman Empire.pdf:application/pdf}
}

@article{temin_economy_2006,
	title = {The economy of the early {Roman} {Empire}},
	volume = {20},
	url = {http://www.jstor.org/stable/30033637},
	number = {1},
	urldate = {2015-03-16},
	journal = {The Journal of Economic Perspectives},
	author = {Temin, Peter},
	year = {2006},
	pages = {133--151},
	file = {Temin - 2006 - The economy of the early Roman Empire.pdf:/home/mcoto/.zotero/zotero/esedysa1.default/zotero/storage/S7QWJ64V/Temin - 2006 - The economy of the early Roman Empire.pdf:application/pdf}
}

@article{kessler_organization_2007,
	title = {The organization of the grain trade in the early {Roman} {Empire}},
	volume = {60},
	issn = {0013-0117, 1468-0289},
	url = {http://doi.wiley.com/10.1111/j.1468-0289.2006.00360.x},
	doi = {10.1111/j.1468-0289.2006.00360.x},
	language = {en},
	number = {2},
	urldate = {2015-06-10},
	journal = {The Economic History Review},
	author = {Kessler, David and Temin, Peter},
	month = may,
	year = {2007},
	pages = {313--332},
	file = {Kessler and Temin - 2007 - The organization of the grain trade in the early R.pdf:/home/mcoto/.zotero/zotero/esedysa1.default/zotero/storage/GGI86M27/Kessler and Temin - 2007 - The organization of the grain trade in the early R.pdf:application/pdf}
}

@article{_atelier_????,
	title = {L'atelier d'amphores à huile {Dr}. 20 de {Las} {Delicias} à Écija (prov. de {Séville}, {Espagne})},
	file = {Latelier_damphores_a_huile_Dr._20_de_Las.pdf:/home/mcoto/.zotero/zotero/esedysa1.default/zotero/storage/7IC6ZSH4/Latelier_damphores_a_huile_Dr._20_de_Las.pdf:application/pdf}
}

@inproceedings{fernandez_excavacion_2001,
	title = {{EXCAVACIÓN} {ARQUEOLÓGICA} {DE} {URGENCIA} {EN} {EL} {ALFAR} {ROMANO} {DE} {LAS} {DELICIAS} (É{CIJA}, {SEVILLA}) 1997.},
	booktitle = {Anuario arqueológico de {Andalucía} 1997},
	publisher = {Consejería de Cultura},
	author = {Fernández, Pedro Sáez and Muñoz, Jesús Tinoco and Vargas, Enrique García and de la Vega, Sergio García-Dils},
	year = {2001},
	pages = {562--575},
	file = {Excavacion_Arqueologica_de_Urgencia_en_e.pdf:/home/mcoto/.zotero/zotero/esedysa1.default/zotero/storage/T842MGFM/Excavacion_Arqueologica_de_Urgencia_en_e.pdf:application/pdf}
}